
@article{CMSdetector,
    author    = "S. Chatrchyan and others",
    collaboration = "CMS",
    title = "The {CMS} experiment at the {CERN LHC}",
    journal   = "JINST",
    volume    = "3",
    year      = "2008",
    pages     = "S08004",
    doi       = "10.1088/1748-0221/3/08/S08004"
}

@techreport{CMS-PAS-SMP-13-015,
      title         = "{Vector boson scattering in a final state with two jets
                       and two same-sign leptons}",
      institution   = "CERN",
      collaboration = "CMS Collaboration",
      address       = "Geneva",
      number        = "CMS-PAS-SMP-13-015",
      year          = "2014",
}

@article{Chatrchyan:2013tia,
      author         = "Chatrchyan, Serguei and others",
      title          = "{Measurement of the differential and double-differential
                        Drell-Yan cross sections in proton-proton collisions at
                        $\sqrt{s} =$ 7 TeV}",
      collaboration  = "CMS Collaboration",
      journal        = "JHEP",
      volume         = "1312",
      pages          = "030",
      doi            = "10.1007/JHEP12(2013)030",
      year           = "2013",
      eprint         = "1310.7291",
      archivePrefix  = "arXiv",
      primaryClass   = "hep-ex",
      reportNumber   = "CMS-SMP-13-003, CERN-PH-EP-2013-168",
      SLACcitation   = "%%CITATION = ARXIV:1310.7291;%%",
}

@article{Chatrchyan:2013mza,
      author         = "Chatrchyan, Serguei and others",
      title          = "{Measurement of the muon charge asymmetry in inclusive pp
                        $\to$ W + X production at $\sqrt{s}$=7 TeV and an improved
                        determination of light parton distribution functions}",
      collaboration  = "CMS Collaboration",
      year           = "2013",
      eprint         = "1312.6283",
      archivePrefix  = "arXiv",
      primaryClass   = "hep-ex",
      reportNumber   = "CMS-SMP-12-021, CERN-PH-EP-2013-232",
      SLACcitation   = "%%CITATION = ARXIV:1312.6283;%%",
}

@article{Chatrchyan:2012xt,
      author         = "Chatrchyan, Serguei and others",
      title          = "{Measurement of the electron charge asymmetry in
                        inclusive $W$ production in $pp$ collisions at
                        $\sqrt{s}=7$ TeV}",
      collaboration  = "CMS Collaboration",
      journal        = "Phys.Rev.Lett.",
      volume         = "109",
      pages          = "111806",
      doi            = "10.1103/PhysRevLett.109.111806",
      year           = "2012",
      eprint         = "1206.2598",
      archivePrefix  = "arXiv",
      primaryClass   = "hep-ex",
      reportNumber   = "CMS-SMP-12-001, CERN-PH-EP-2012-151",
      SLACcitation   = "%%CITATION = ARXIV:1206.2598;%%",
}

@article{Chatrchyan:2013uja,
      author         = "Chatrchyan, Serguei and others",
      title          = "{Measurement of associated W + charm production in pp
                        collisions at $\sqrt{s}$ = 7 TeV}",
      collaboration  = "CMS Collaboration",
      journal        = "JHEP",
      volume         = "1402",
      pages          = "013",
      doi            = "10.1007/JHEP02(2014)013",
      year           = "2014",
      eprint         = "1310.1138",
      archivePrefix  = "arXiv",
      primaryClass   = "hep-ex",
      reportNumber   = "CMS-SMP-12-002, CERN-PH-EP-2013-149",
      SLACcitation   = "%%CITATION = ARXIV:1310.1138;%%",
}

@article{Khachatryan:2014dia,
      author         = "Khachatryan, Vardan and others",
      title          = "{Measurement of the pp to ZZ production cross section and
                        constraints on anomalous triple gauge couplings in
                        four-lepton final states at $\sqrt{s}$ = 8 TeV}",
      collaboration  = "CMS Collaboration",
      year           = "2014",
      eprint         = "1406.0113",
      archivePrefix  = "arXiv",
      primaryClass   = "hep-ex",
      reportNumber   = "CMS-SMP-13-005, CERN-PH-EP-2014-080",
      SLACcitation   = "%%CITATION = ARXIV:1406.0113;%%",
}

@article{Chatrchyan:2012sga,
      author         = "Chatrchyan, Serguei and others",
      title          = "{Measurement of the $ZZ$ production cross section and
                        search for anomalous couplings in 2 l2l ' final states in
                        $pp$ collisions at $\sqrt{s}=7$ TeV}",
      collaboration  = "CMS Collaboration",
      journal        = "JHEP",
      volume         = "1301",
      pages          = "063",
      doi            = "10.1007/JHEP01(2013)063",
      year           = "2013",
      eprint         = "1211.4890",
      archivePrefix  = "arXiv",
      primaryClass   = "hep-ex",
      reportNumber   = "CMS-SMP-12-007, CERN-PH-EP-2012-336",
      SLACcitation   = "%%CITATION = ARXIV:1211.4890;%%",
}

@article{Chatrchyan:2013oev,
      author         = "Chatrchyan, Serguei and others",
      title          = "{Measurement of W+W- and ZZ production cross sections in
                        pp collisions at sqrt(s) = 8 TeV}",
      collaboration  = "CMS Collaboration",
      journal        = "Phys.Lett.",
      volume         = "B721",
      pages          = "190-211",
      doi            = "10.1016/j.physletb.2013.03.027",
      year           = "2013",
      eprint         = "1301.4698",
      archivePrefix  = "arXiv",
      primaryClass   = "hep-ex",
      reportNumber   = "CMS-SMP-12-024, CERN-PH-EP-2012-376",
      SLACcitation   = "%%CITATION = ARXIV:1301.4698;%%",
}

@article{Chatrchyan:2013yaa,
      author         = "Chatrchyan, Serguei and others",
      title          = "{Measurement of the $W^+W^-$ Cross section in $pp$
                        Collisions at $\sqrt{s} = 7$ TeV and Limits on Anomalous
                        $WW\gamma$ and $WWZ$ couplings}",
      collaboration  = "CMS Collaboration",
      journal        = "Eur.Phys.J.",
      volume         = "C73",
      pages          = "2610",
      doi            = "10.1140/epjc/s10052-013-2610-8",
      year           = "2013",
      eprint         = "1306.1126",
      archivePrefix  = "arXiv",
      primaryClass   = "hep-ex",
      reportNumber   = "CMS-SMP-12-005, CERN-PH-EP-2013-075",
      SLACcitation   = "%%CITATION = ARXIV:1306.1126;%%",
}

@article{Chatrchyan:2012bd,
      author         = "Chatrchyan, Serguei and others",
      title          = "{Measurement of the sum of $W W$ and $WZ$ production with
                        $W+$dijet events in $pp$ collisions at $\sqrt{s}=7$ TeV}",
      collaboration  = "CMS Collaboration",
      journal        = "Eur.Phys.J.",
      volume         = "C73",
      pages          = "2283",
      doi            = "10.1140/epjc/s10052-013-2283-3",
      year           = "2013",
      eprint         = "1210.7544",
      archivePrefix  = "arXiv",
      primaryClass   = "hep-ex",
      reportNumber   = "CMS-SMP-12-015, CERN-PH-EP-2012-311",
      SLACcitation   = "%%CITATION = ARXIV:1210.7544;%%",
}

@article{Chatrchyan:2014bza,
      author         = "Chatrchyan, Serguei and others",
      title          = "{A search for WW$\gamma$ and WZ$\gamma$ production and
                        constraints on anomalous quartic gauge couplings in pp
                        collisions at $\sqrt{s}$ = 8 TeV}",
      collaboration  = "CMS Collaboration",
      year           = "2014",
      eprint         = "1404.4619",
      archivePrefix  = "arXiv",
      primaryClass   = "hep-ex",
      reportNumber   = "CMS-SMP-13-009, CERN-PH-EP-2014-046",
      SLACcitation   = "%%CITATION = ARXIV:1404.4619;%%",
}

@article{Chatrchyan:2013fya,
      author         = "Chatrchyan, Serguei and others",
      title          = "{Measurement of the W gamma and Z gamma inclusive cross
                        sections in pp collisions at $\sqrt{s}$ = 7 TeV and limits
                        on anomalous triple gauge boson couplings}",
      collaboration  = "CMS Collaboration",
      journal        = "Phys.Rev.",
      volume         = "D89",
      pages          = "092005",
      doi            = "10.1103/PhysRevD.89.092005",
      year           = "2014",
      eprint         = "1308.6832",
      archivePrefix  = "arXiv",
      primaryClass   = "hep-ex",
      reportNumber   = "CMS-EWK-11-009, CERN-PH-EP-2013-108",
      SLACcitation   = "%%CITATION = ARXIV:1308.6832;%%",
}

@article{Chatrchyan:2013nda,
      author         = "Chatrchyan, Serguei and others",
      title          = "{Measurement of the production cross section for $Z\gamma
                        \to \nu\bar{\nu}\gamma$ in pp collisions at $\sqrt{s} =$ 7
                        TeV and limits on $ZZ\gamma$ and $Z\gamma\gamma$ triple
                        gauge boson couplings}",
      collaboration  = "CMS Collaboration",
      journal        = "JHEP",
      volume         = "1310",
      pages          = "164",
      doi            = "10.1007/JHEP10(2013)164",
      year           = "2013",
      eprint         = "1309.1117",
      archivePrefix  = "arXiv",
      primaryClass   = "hep-ex",
      reportNumber   = "CMS-SMP-12-020, CERN-PH-EP-2013-098",
      SLACcitation   = "%%CITATION = ARXIV:1309.1117;%%",
}

@article{Chatrchyan:2013foa,
      author         = "Chatrchyan, Serguei and others",
      title          = "{Study of exclusive two-photon production of $W^+W^-$ in
                        $pp$ collisions at $\sqrt{s} = 7$ TeV and constraints on
                        anomalous quartic gauge couplings}",
      collaboration  = "CMS Collaboration",
      journal        = "JHEP",
      volume         = "1307",
      pages          = "116",
      doi            = "10.1007/JHEP07(2013)116",
      year           = "2013",
      eprint         = "1305.5596",
      archivePrefix  = "arXiv",
      primaryClass   = "hep-ex",
      reportNumber   = "CMS-FSQ-12-010, CERN-PH-EP-2013-084",
      SLACcitation   = "%%CITATION = ARXIV:1305.5596;%%",
}

@article{Chatrchyan:2013jya,
      author         = "Chatrchyan, Serguei and others",
      title          = "{Measurement of the hadronic activity in events with a Z
                        and two jets and extraction of the cross section for the
                        electroweak production of a Z with two jets in pp
                        collisions at $\sqrt{s}$ = 7 TeV}",
      collaboration  = "CMS Collaboration",
      journal        = "JHEP",
      volume         = "1310",
      pages          = "062",
      doi            = "10.1007/JHEP10(2013)062",
      year           = "2013",
      eprint         = "1305.7389",
      archivePrefix  = "arXiv",
      primaryClass   = "hep-ex",
      reportNumber   = "CMS-FSQ-12-019, CERN-PH-EP-2013-060",
      SLACcitation   = "%%CITATION = ARXIV:1305.7389;%%",
}

@article{Alves:2008zz,
      author         = "Alves, A. Augusto, Jr. and others",
      title          = "{The LHCb Detector at the LHC}",
      collaboration  = "LHCb Collaboration",
      journal        = "JINST",
      volume         = "3",
      pages          = "S08005",
      doi            = "10.1088/1748-0221/3/08/S08005",
      year           = "2008",
      SLACcitation   = "%%CITATION = JINST,3,S08005;%%",
}


@article{Abazov:2005pn,
      author         = "Abazov, V.M. and others",
      title          = "{The Upgraded D0 detector}",
      collaboration  = "D0 Collaboration",
      journal        = "Nucl.Instrum.Meth.",
      volume         = "A565",
      pages          = "463-537",
      doi            = "10.1016/j.nima.2006.05.248",
      year           = "2006",
      eprint         = "physics/0507191",
      archivePrefix  = "arXiv",
      primaryClass   = "physics.ins-det",
      reportNumber   = "FERMILAB-PUB-05-341-E",
      SLACcitation   = "%%CITATION = PHYSICS/0507191;%%",
}

@article{Abulencia:2005ix,
      author         = "Abulencia, A. and others",
      title          = "{Measurements of inclusive W and Z cross sections in p
                        anti-p collisions at s**(1/2) = 1.96-TeV}",
      collaboration  = "CDF Collaboration",
      journal        = "J.Phys.",
      volume         = "G34",
      pages          = "2457-2544",
      doi            = "10.1088/0954-3899/34/12/001",
      year           = "2007",
      eprint         = "hep-ex/0508029",
      archivePrefix  = "arXiv",
      primaryClass   = "hep-ex",
      reportNumber   = "FERMILAB-PUB-05-360-E",
      SLACcitation   = "%%CITATION = HEP-EX/0508029;%%",
}

@article{Aad:2008zzm,
      author         = "Aad, G. and others",
      title          = "{The ATLAS Experiment at the CERN Large Hadron Collider}",
      collaboration  = "ATLAS Collaboration",
      journal        = "JINST",
      volume         = "3",
      pages          = "S08003",
      doi            = "10.1088/1748-0221/3/08/S08003",
      year           = "2008",
      SLACcitation   = "%%CITATION = JINST,3,S08003;%%",
}

@techreport{ATLAS-CONF-2014-033,
      title         = "{Measurement of the $W^+W^-$ production cross section in
                       proton-proton collisions at $\sqrt{s} =8$ TeV with the
                       ATLAS detector}",
      institution   = "CERN",
      address       = "Geneva",
      number        = "ATLAS-CONF-2014-033",
      month         = "Jul",
      year          = "2014",
}

@article{Aad:2013iua,
      author         = "Aad, Georges and others",
      title          = "{Measurement of the high-mass Drell--Yan differential
                        cross-section in pp collisions at sqrt(s)=7 TeV with the
                        ATLAS detector}",
      collaboration  = "ATLAS Collaboration",
      journal        = "Phys.Lett.",
      volume         = "B725",
      pages          = "223-242",
      doi            = "10.1016/j.physletb.2013.07.049",
      year           = "2013",
      eprint         = "1305.4192",
      archivePrefix  = "arXiv",
      primaryClass   = "hep-ex",
      reportNumber   = "CERN-PH-EP-2013-064",
      SLACcitation   = "%%CITATION = ARXIV:1305.4192;%%",
}

@article{Aad:2014qja,
      author         = "Aad, Georges and others",
      title          = "{Measurement of the low-mass Drell-Yan differential cross
                        section at $\sqrt{s}$ = 7 TeV using the ATLAS detector}",
      collaboration  = "ATLAS Collaboration",
      journal        = "JHEP",
      volume         = "1406",
      pages          = "112",
      doi            = "10.1007/JHEP06(2014)112",
      year           = "2014",
      eprint         = "1404.1212",
      archivePrefix  = "arXiv",
      primaryClass   = "hep-ex",
      reportNumber   = "CERN-PH-EP-2014-020",
      SLACcitation   = "%%CITATION = ARXIV:1404.1212;%%",
}

@article{Aad:2014xaa,
      author         = "Aad, Georges and others",
      title          = "{Measurement of the $Z/\gamma^*$ boson transverse
                        momentum distribution in $pp$ collisions at $\sqrt{s}$ = 7
                        TeV with the ATLAS detector}",
      collaboration  = "ATLAS Collaboration",
      year           = "2014",
      eprint         = "1406.3660",
      archivePrefix  = "arXiv",
      primaryClass   = "hep-ex",
      reportNumber   = "CERN-PH-EP-2014-075",
      SLACcitation   = "%%CITATION = ARXIV:1406.3660;%%",
}

@article{Aad:2012wfa,
      author         = "Aad, Georges and others",
      title          = "{Measurement of angular correlations in Drell-Yan lepton
                        pairs to probe Z/gamma* boson transverse momentum at
                        sqrt(s)=7 TeV with the ATLAS detector}",
      collaboration  = "ATLAS Collaboration",
      journal        = "Phys.Lett.",
      volume         = "B720",
      pages          = "32-51",
      doi            = "10.1016/j.physletb.2013.01.054",
      year           = "2013",
      eprint         = "1211.6899",
      archivePrefix  = "arXiv",
      primaryClass   = "hep-ex",
      reportNumber   = "CERN-PH-EP-2012-325",
      SLACcitation   = "%%CITATION = ARXIV:1211.6899;%%",
}

@article{Aad:2014zda,
      author         = "Aad, Georges and others",
      title          = "{Evidence for Electroweak Production of
                        $W^{\pm}W^{\pm}jj$ in $pp$ Collisions at $\sqrt{s}=8$ TeV
                        with the ATLAS Detector}",
      collaboration  = "ATLAS Collaboration",
      year           = "2014",
      eprint         = "1405.6241",
      archivePrefix  = "arXiv",
      primaryClass   = "hep-ex",
      reportNumber   = "CERN-PH-EP-2014-079",
      SLACcitation   = "%%CITATION = ARXIV:1405.6241;%%",
}

@article{Aad:2014dta,
      author         = "Aad, Georges and others",
      title          = "{Measurement of the electroweak production of dijets in
                        association with a Z-boson and distributions sensitive to
                        vector boson fusion in proton-proton collisions at
                        $\sqrt{s} =$ 8 TeV using the ATLAS detector}",
      collaboration  = "ATLAS Collaboration",
      journal        = "JHEP",
      volume         = "1404",
      pages          = "031",
      doi            = "10.1007/JHEP04(2014)031",
      year           = "2014",
      eprint         = "1401.7610",
      archivePrefix  = "arXiv",
      primaryClass   = "hep-ex",
      reportNumber   = "CERN-PH-EP-2013-227",
      SLACcitation   = "%%CITATION = ARXIV:1401.7610;%%",
}

@article{Aad:2013izg,
      author         = "Aad, Georges and others",
      title          = "{Measurements of Wγ and Zγ production in pp collisions
                        at $\sqrt{s}$=7  TeV with the ATLAS detector at the
                        LHC}",
      collaboration  = "ATLAS Collaboration",
      journal        = "Phys.Rev.",
      number         = "11",
      volume         = "D87",
      pages          = "112003",
      doi            = "10.1103/PhysRevD.87.112003",
      year           = "2013",
      eprint         = "1302.1283",
      archivePrefix  = "arXiv",
      primaryClass   = "hep-ex",
      reportNumber   = "CERN-PH-EP-2012-345",
      SLACcitation   = "%%CITATION = ARXIV:1302.1283;%%",
}

@article{ATLAS:2012mec,
      author         = "Aad, Georges and others",
      title          = "{Measurement of $W^+W^-$ production in pp collisions at
                        $\sqrt{s}$=7  TeV with the ATLAS detector and limits
                        on anomalous WWZ and WWγ couplings}",
      collaboration  = "ATLAS Collaboration",
      journal        = "Phys.Rev.",
      number         = "11",
      volume         = "D87",
      pages          = "112001",
      doi            = "10.1103/PhysRevD.87.112001, 10.1103/PhysRevD.88.079906",
      year           = "2013",
      eprint         = "1210.2979",
      archivePrefix  = "arXiv",
      primaryClass   = "hep-ex",
      reportNumber   = "CERN-PH-EP-2012-242",
      SLACcitation   = "%%CITATION = ARXIV:1210.2979;%%",
}

@article{PhysRevD.88.079906,
  title = {Erratum: Measurement of ${W}^{\mathbf{+}}{W}^{\mathbf{-}}$ production in $pp$ collisions at $\sqrt{s}=7\mathrm{TeV}$ with the ATLAS detector and limits on anomalous $WWZ$ and $WW\gamma$ couplings [Phys. Rev. D 87, 112001 (2013)]},
  author = {Aad, G.},
  collaboration = {ATLAS Collaboration},
  journal = {Phys. Rev. D},
  volume = {88},
  issue = {7},
  pages = {079906},
  numpages = {1},
  year = {2013},
  month = {Oct},
  publisher = {American Physical Society},
  doi = {10.1103/PhysRevD.88.079906},
  url = {http://link.aps.org/doi/10.1103/PhysRevD.88.079906}
}


@article{Aaltonen:2014loa,
      author         = "Aaltonen, Timo Antero and others",
      title          = "{Indirect measurement of $\sin^2 \theta_W$ (or $M_W$)
                        using $\mu^+\mu^-$ pairs from $\gamma^*/Z$ bosons produced
                        in $p\bar{p}$ collisions at a center-of-momentum energy of
                        1.96 TeV}",
      collaboration  = "CDF Collaboration",
      journal        = "Phys.Rev.",
      volume         = "D89",
      pages          = "072005",
      doi            = "10.1103/PhysRevD.89.072005",
      year           = "2014",
      eprint         = "1402.2239",
      archivePrefix  = "arXiv",
      primaryClass   = "hep-ex",
      reportNumber   = "FERMILAB-PUB-14-021-E",
      SLACcitation   = "%%CITATION = ARXIV:1402.2239;%%",
}

@article{Aaltonen:2013wcp,
      author         = "Aaltonen, T. and others",
      title          = "{Indirect measurement of $\sin^2\theta_W$ $(M_W)$ using
                        $e^+e^-$ pairs in the Z-boson region with $p\bar{p}$
                        collisions at a center-of-momentum energy of 1.96 TeV}",
      collaboration  = "CDF Collaboration",
      journal        = "Phys.Rev.",
      number         = "7",
      volume         = "D88",
      pages          = "072002",
      doi            = "10.1103/PhysRevD.88.072002, 10.1103/PhysRevD.88.079905",
      year           = "2013",
      eprint         = "1307.0770",
      archivePrefix  = "arXiv",
      primaryClass   = "hep-ex",
      reportNumber   = "FERMILAB-PUB-13-277-E",
      SLACcitation   = "%%CITATION = ARXIV:1307.0770;%%",
}

@article{Aaltonen:2013vwa,
      author         = "Aaltonen, Timo Antero and others",
      title          = "{A precise measurement of the $W$-boson mass with the
                        Collider Detector at Fermilab}",
      collaboration  = "CDF Collaboration",
      journal        = "Phys.Rev.",
      volume         = "D89",
      pages          = "072003",
      doi            = "10.1103/PhysRevD.89.072003",
      year           = "2014",
      eprint         = "1311.0894",
      archivePrefix  = "arXiv",
      primaryClass   = "hep-ex",
      reportNumber   = "FERMILAB-PUB-13-515-E",
      SLACcitation   = "%%CITATION = ARXIV:1311.0894;%%",
}

@article{Aaltonen:2012bp,
      author         = "Aaltonen, T. and others",
      title          = "{Precise measurement of the $W$-boson mass with the CDF
                        II detector}",
      collaboration  = "CDF Collaboration",
      journal        = "Phys.Rev.Lett.",
      volume         = "108",
      pages          = "151803",
      doi            = "10.1103/PhysRevLett.108.151803",
      year           = "2012",
      eprint         = "1203.0275",
      archivePrefix  = "arXiv",
      primaryClass   = "hep-ex",
      reportNumber   = "FERMILAB-PUB-12-061-E",
      SLACcitation   = "%%CITATION = ARXIV:1203.0275;%%",
}

@article{Abazov:2013dsa,
      author         = "Abazov, Victor Mukhamedovich and others",
      title          = "{Measurement of the $W$ Boson Production
                        Charge Asymmetry in $p\bar{p}\rightarrow W+X
                        \rightarrow e\nu +X$ Events at
                        $\sqrt{s}=1.96$~TeV}",
      collaboration  = "D0 Collaboration",
      journal        = "Phys.Rev.Lett.",
      volume         = "112",
      pages          = "151803",
      doi            = "10.1103/PhysRevLett.112.151803",
      year           = "2014",
      eprint         = "1312.2895",
      archivePrefix  = "arXiv",
      primaryClass   = "hep-ex",
      reportNumber   = "FERMILAB-PUB-13-567-E",
      SLACcitation   = "%%CITATION = ARXIV:1312.2895;%%",
}

@article{Abazov:2013rja,
      author         = "Abazov, Victor Mukhamedovich and others",
      title          = "{Measurement of the muon charge asymmetry in $p\bar{p}$
                        $\to$ W+X $\to$ $\mu$$\nu$ + X events at
                        $\sqrt{s}$=1.96  TeV}",
      collaboration  = "D0 Collaboration",
      journal        = "Phys.Rev.",
      volume         = "D88",
      pages          = "091102",
      doi            = "10.1103/PhysRevD.88.091102",
      year           = "2013",
      eprint         = "1309.2591",
      archivePrefix  = "arXiv",
      primaryClass   = "hep-ex",
      reportNumber   = "FERMILAB-PUB-13-361-E",
      SLACcitation   = "%%CITATION = ARXIV:1309.2591;%%",
}

@article{D0:2013jba,
      author         = "Abazov, Victor Mukhamedovich and others",
      title          = "{Measurement of the $W$ boson mass with the D0 detector}",
      collaboration  = "D0 Collaboration",
      journal        = "Phys.Rev.",
      number         = "1",
      volume         = "D89",
      pages          = "012005",
      doi            = "10.1103/PhysRevD.89.012005",
      year           = "2014",
      eprint         = "1310.8628",
      archivePrefix  = "arXiv",
      primaryClass   = "hep-ex",
      reportNumber   = "FERMILAB-PUB-13-489-E",
      SLACcitation   = "%%CITATION = ARXIV:1310.8628;%%",
}

@article{Abazov:2012bv,
      author         = "Abazov, Victor Mukhamedovich and others",
      title          = "{Measurement of the W Boson Mass with the D0 Detector}",
      collaboration  = "D0 Collaboration",
      journal        = "Phys.Rev.Lett.",
      volume         = "108",
      pages          = "151804",
      doi            = "10.1103/PhysRevLett.108.151804",
      year           = "2012",
      eprint         = "1203.0293",
      archivePrefix  = "arXiv",
      primaryClass   = "hep-ex",
      reportNumber   = "FERMILAB-PUB-12-056-PPD",
      SLACcitation   = "%%CITATION = ARXIV:1203.0293;%%",
}

@article{Aaltonen:2013iut,
      author         = "Aaltonen, Timo Antero and others",
      title          = "{Combination of CDF and D0 $W$-Boson Mass Measurements}",
      collaboration  = "CDF Collaboration, D0 Collaboration",
      journal        = "Phys.Rev.",
      number         = "5",
      volume         = "D88",
      pages          = "052018",
      doi            = "10.1103/PhysRevD.88.052018",
      year           = "2013",
      eprint         = "1307.7627",
      archivePrefix  = "arXiv",
      primaryClass   = "hep-ex",
      reportNumber   = "FERMILAB-PUB-13-289-E",
      SLACcitation   = "%%CITATION = ARXIV:1307.7627;%%",
}

@article{Baak:2013fwa,
      author         = "Baak, M. and Blondel, A. and Bodek, A. and Caputo, R. and
                        Corbett, T. and others",
      title          = "{Working Group Report: Precision Study of Electroweak
                        Interactions}",
      year           = "2013",
      eprint         = "1310.6708",
      archivePrefix  = "arXiv",
      primaryClass   = "hep-ph",
      SLACcitation   = "%%CITATION = ARXIV:1310.6708;%%",
}

@article{Bozzi:2011ww,
      author         = "Bozzi, G. and Rojo, J. and Vicini, A.",
      title          = "{The Impact of PDF uncertainties on the measurement of
                        the W boson mass at the Tevatron and the LHC}",
      journal        = "Phys.Rev.",
      volume         = "D83",
      pages          = "113008",
      doi            = "10.1103/PhysRevD.83.113008",
      year           = "2011",
      eprint         = "1104.2056",
      archivePrefix  = "arXiv",
      primaryClass   = "hep-ph",
      reportNumber   = "IFUM-961-FT",
      SLACcitation   = "%%CITATION = ARXIV:1104.2056;%%",
}
